@misc{ebay,
  title = {eBay},
  howpublished = {\url{http://www.ebay.com}}
  }
@misc{swirlycloud:www,
  title = {Swirly Cloud Limited},
  howpublished = {\url{http://www.swirlycloud.com}}
  }
@misc{swirlycloud:github,
  title = {Swirly Cloud},
  howpublished = {\url{https://github.com/swirlycloud}}
  }
@misc{swirly,
  title = {Swirly},
  howpublished = {\url{https://github.com/swirlycloud/swirlyj}}
  }
