@misc{bigtable,
  title = {BigTable},
  howpublished = {\url{http://en.m.wikipedia.org/wiki/BigTable}}
  }
@misc{ebay,
  title = {eBay},
  howpublished = {\url{http://www.ebay.com/}}
  }
@misc{eclipse,
  title = {Eclipse},
  howpublished = {\url{http://www.eclipse.org/}}
  }
@misc{facebook,
  title = {Facebook},
  howpublished = {\url{http://www.facebook.com/}}
  }
@misc{github,
  title = {GitHub},
  howpublished = {\url{https://github.com/}}
  }
@misc{gradle,
  title = {Gradle},
  howpublished = {\url{https://gradle.org/}}
  }
@misc{google,
  title = {Google},
  howpublished = {\url{https://cloud.google.com/}}
  }
@misc{iphone,
  title = {iPhone},
  howpublished = {\url{https://www.apple.com/uk/iphone}}
  }
@misc{swirlycloud:www,
  title = {Swirly Cloud Limited},
  howpublished = {\url{https://github.com/swirlycloud/}}
  }
@misc{swirlycloud:github,
  title = {Swirly Cloud},
  howpublished = {\url{https://github.com/swirlycloud/}}
  }
@misc{twirly,
  title = {Twirly},
  howpublished = {\url{https://github.com/swirlycloud/twirlyj/}}
  }
